
<record>
  <controlfield tag="001">812649</controlfield>
  <datafield tag="245" ind1=" " ind2=" ">
    <subfield code="a">SND tracking system: Tests with cosmic muons</subfield>
  </datafield>
  <datafield tag="024" ind1="7" ind2=" ">
    <subfield code="a">10.1016/j.nima.2008.08.099</subfield>
    <subfield code="2">DOI</subfield>
  </datafield>
  <datafield tag="035" ind1=" " ind2=" ">
    <subfield code="a">Aulchenko:2009zzb</subfield>
    <subfield code="9">SPIRESTeX</subfield>
  </datafield>
</record>