
<record>
  <controlfield tag="001">812634</controlfield>
  <datafield tag="245" ind1=" " ind2=" ">
    <subfield code="a">First experience with SND calorimeter at VEPP-2000 collider</subfield>
  </datafield>
  <datafield tag="024" ind1="7" ind2=" ">
    <subfield code="a">10.1016/j.nima.2008.08.012</subfield>
    <subfield code="2">DOI</subfield>
  </datafield>
  <datafield tag="035" ind1=" " ind2=" ">
    <subfield code="a">Achasov:2009zza</subfield>
    <subfield code="9">SPIRESTeX</subfield>
  </datafield>
</record>

</collection>